@InProceedings{batchnorm,
  title = 	 {Batch Normalization: Accelerating Deep Network Training by Reducing Internal Covariate Shift},
  author = 	 {Ioffe, Sergey and Szegedy, Christian},
  booktitle = 	 {Proceedings of the 32nd International Conference on Machine Learning},
  pages = 	 {448--456},
  year = 	 {2015},
  editor = 	 {Bach, Francis and Blei, David},
  volume = 	 {37},
  series = 	 {Proceedings of Machine Learning Research},
  address = 	 {Lille, France},
  publisher =    {PMLR},
  pdf = 	 {http://proceedings.mlr.press/v37/ioffe15.pdf},
  url = 	 {https://proceedings.mlr.press/v37/ioffe15.html}
}
@article{Courbariaux,
  author        = {Matthieu Courbariaux and
               Yoshua Bengio},
  title         = {BinaryNet: Training Deep Neural Networks with Weights and Activations
               Constrained to +1 or -1},
  journal       = {CoRR},
  volume        = {abs/1602.02830},
  year          = {2016},
  url           = {http://arxiv.org/abs/1602.02830},
  archiveprefix = {arXiv},
  eprint        = {1602.02830},
  timestamp     = {Mon, 13 Aug 2018 16:46:57 +0200},
  biburl        = {https://dblp.org/rec/journals/corr/CourbariauxB16.bib},
  bibsource     = {dblp computer science bibliography, https://dblp.org}
}

